@misc{pew10,
  author = {{Pew Research Center}},
  title = {New Media Old Media: How Blogs and Social Media Agendas Relate},
  month = 5,
  year = {2010},
  howpublished = {Available at: http://www.journalism.org/node/20621}
}

@article{salton75,
  title={A vector space model for automatic indexing},
  author={Salton, Gerard and Wong, Anita and Yang, Chung-Shu},
  journal={Communications of the ACM},
  volume={18},
  number={11},
  pages={613--620},
  year={1975},
  publisher={ACM}
}

@book{salton03,
  title={Information retrieval},
  author={Salton, Gerard and Harman, Donna},
  year={2003},
  publisher={John Wiley and Sons Ltd.}
}

@article{blumler99,
  title={The third age of political communication: Influences and features},
  author={Blumler, Jay G and Kavanagh, Dennis},
  journal={Political communication},
  volume={16},
  number={3},
  pages={209--230},
  year={1999},
  publisher={Taylor \& Francis}
}

@article{galtung65,
  title={The structure of foreign news the presentation of the Congo, Cuba and Cyprus Crises in four Norwegian newspapers},
  author={Galtung, Johan and Ruge, Mari Holmboe},
  journal={Journal of peace research},
  volume={2},
  number={1},
  pages={64--90},
  year={1965},
  publisher={Sage Publications}
}

@article{bennett08,
  title={A new era of minimal effects? The changing foundations of political communication},
  author={Bennett, W Lance and Iyengar, Shanto},
  journal={Journal of Communication},
  volume={58},
  number={4},
  pages={707--731},
  year={2008},
  publisher={Wiley Online Library}
}


@article{csardi06,
  title={The igraph software package for complex network research},
  author={Csardi, Gabor and Nepusz, Tamas},
  journal={InterJournal, Complex Systems},
  volume={1695},
  number={5},
  pages={1--9},
  year={2006}
}


@article{feinerer08,
  author = {Ingo Feinerer and Kurt Hornik and David Meyer},
  title = {Text Mining Infrastructure in {R}},
  journal = {Journal of Statistical Software},
  volume = 25,
  number = 5,
  pages = {1--54},
  month = {March},
  year = 2008,
  issn = {1548-7660},
  coden = {JSSOBK},
}



@article{meraz11,
  title={Using time series analysis to measure intermedia agenda-setting influence in traditional media and political blog networks},
  author={Meraz, Sharon},
  journal={Journalism \& Mass Communication Quarterly},
  volume={88},
  number={1},
  pages={176--194},
  year={2011},
  publisher={SAGE Publications}
}

@article{ragas14,
  title={Intermedia agenda setting in business news coverage},
  author={Ragas, Matthew W},
  journal={Communication and Language Analysis in the Public Sphere},
  pages={335},
  year={2014},
  publisher={IGI Global}
}

@article{boczkowski07,
  title={When more media equals less news: Patterns of content homogenization in Argentina's leading print and online newspapers},
  author={Boczkowski, Pablo J and De Santos, Martin},
  journal={Political Communication},
  volume={24},
  number={2},
  pages={167--180},
  year={2007},
  publisher={Taylor \& Francis}
}

@article{lewis08,
  title={A compromised fourth estate? UK news journalism, public relations and news sources},
  author={Lewis, Justin and Williams, Andrew and Franklin, Bob},
  journal={Journalism Studies},
  volume={9},
  number={1},
  pages={1--20},
  year={2008},
  publisher={Taylor \& Francis}
}

@article{grimmer13,
  title={Text as data: The promise and pitfalls of automatic content analysis methods for political texts},
  author={Grimmer, Justin and Stewart, Brandon M},
  journal={Political Analysis},
  volume = "21",
  issue ="3",
  pages = "267--297",
  year={2013},
  publisher={SPM-PMSAPSA}
}

@article{johnston11,
  title={The silent partner: News agencies and 21st century news},
  author={Johnston, Jane and Forde, Susan},
  journal={International Journal of Communication},
  volume={5},
  pages={20},
  year={2011}
}


@book{shoemaker09,
  title={Gatekeeping theory},
  author={Shoemaker, Pamela J and Vos, Timothy},
  year={2009},
  publisher={Routledge}
}

@article{paterson05,
  title={News agency dominance in international news on the internet},
  author={Paterson, Chris},
  journal={Converging Media, Diverging Politics. Lanham, MD: Lexington Books},
  pages={145--163},
  year={2005}
}

@article{welbers2018,
  title={A Gatekeeper among Gatekeepers: News agency influence in print and online newspapers in the Netherlands},
  author={Welbers, Kasper and Van Atteveldt, Wouter and Kleinnijenhuis, Jan and Ruigrok, Nel},
  journal={Journalism Studies},
  volume={19},
  number={3},
  pages={315--333},
  year={2018},
  publisher={Taylor \& Francis}
}


@article{welbers2017,
  title={Text analysis in R},
  author={Welbers, Kasper and Van Atteveldt, Wouter and Benoit, Kenneth},
  journal={Communication Methods and Measures},
  volume={11},
  number={4},
  pages={245--265},
  year={2017},
  publisher={Taylor \& Francis}
}


@Manual{quanteda,
    title = {quanteda: Quantitative Analysis of Textual Data},
    author = {Kenneth Benoit},
    doi = {10.5281/zenodo.1004683},
    url = {http://quanteda.io},
    year = {2018},
    note = {R package version 1.3.0}
  }

@article{lewin47,
  title={Frontiers in group dynamics II. Channels of group life; Social planning and action research},
  author={Lewin, Kurt},
  journal={Human relations},
  volume={1},
  number={2},
  pages={143--153},
  year={1947},
  publisher={Sage Publications}
}

@conference{bosch07,
  author = {Van den Bosch, A and Busser, G.J. and Daelemans, W. and Canisius, S.},
  title = {An efficient memory-based morphosyntactic tagger and parser for Dutch},
  booktitle = {Selected Papers of the 17th Computational Linguistics in the Netherlands Meeting},
  address = {Leuven},
  year = {2007}
}

@article{baum08,
  title={New media and the polarization of {A}merican political discourse},
  author={Baum, Matthew A and Groeling, Tim},
  journal={Political Communication},
  volume={25},
  number={4},
  pages={345--365},
  year={2008},
  publisher={Taylor & Francis}
}

@InProceedings{corenlp,
  author    = {Manning, Christopher D. and  Surdeanu, Mihai  and  Bauer, John  and  Finkel, Jenny  and  Bethard, Steven J. and  McClosky, David},
  title     = {The {Stanford} {CoreNLP} Natural Language Processing Toolkit},
  booktitle = {Proceedings of 52nd Annual Meeting of the Association for Computational Linguistics: System Demonstrations},
  year      = {2014},
  pages     = {55--60}
}

@article{barzilai08,
  title={Toward a theory of network gatekeeping: A framework for exploring information control},
  author={Barzilai-Nahon, Karine},
  journal={Journal of the American society for information science and technology},
  volume={59},
  number={9},
  pages={1493--1512},
  year={2008},
  publisher={Wiley Online Library}
}

@article{freeman80,
  title={The gatekeeper, pair-dependency and structural centrality},
  author={Freeman, Linton C},
  journal={Quality and Quantity},
  volume={14},
  number={4},
  pages={585--592},
  year={1980},
  publisher={Springer}
}

@article{sparck72,
  title={A statistical interpretation of term specificity and its application in retrieval},
  author={Sparck Jones, Karen},
  journal={Journal of documentation},
  volume={28},
  number={1},
  pages={11--21},
  year={1972},
  publisher={MCB UP Ltd}
}

@inproceedings{turney02,
  author = {Peter D. Turney},
  year = {2002},
  title = {Thumbs up or thumbs down? Semantic orientation applied to unsupervised classification of reviews},
  booktitle = {Proceedings of the 40th Annual Meeting of the Association for Computational Linguistics (ACL'02)},
  pages = {417--424}
}

@article{monroe08,
  title={Fightin'words: Lexical feature selection and evaluation for identifying the content of political conflict},
  author={Monroe, Burt L and Colaresi, Michael P and Quinn, Kevin M},
  journal={Political Analysis},
  volume={16},
  number={4},
  pages={372--403},
  year={2008},
  publisher={SPM-PMSAPSA}
}

@article{welbers18,
  title={A Gatekeeper among Gatekeepers: News agency influence in print and online newspapers in the Netherlands},
  author={Welbers, Kasper and Van Atteveldt, Wouter and Kleinnijenhuis, Jan and Ruigrok, Nel},
  journal={Journalism Studies},
  volume={19},
  number={3},
  pages={315--333},
  year={2018},
  publisher={Taylor \& Francis}
}

@article{welbers17,
  author = {Kasper Welbers and Wouter Van Atteveldt and Kenneth Benoit},
  title = {Text Analysis in R},
  journal = {Communication Methods and Measures},
  volume = {11},
  number = {4},
  pages = {245-265},
  year  = {2017},
  publisher = {Routledge},
}

